%! Author = malte.lindkvist
%! Date = 2023-03-17
@article {Wikipediavindkraftverk,
url = {https://sv.wikipedia.org/wiki/Vindkraftverk},
    urldate = {2023-03-22} ,
Author = {Wikipedia},
}
@article{energimyndigheten,
    author = {Energimyndigheten},
    title = {Vindkraftens resursanvändning},
    urldate = {2023-03-22},
    url = {https://www.energimyndigheten.se/48ff35/globalassets/fornybart/strategi-for-hallbar-vindkraftsutbyggnad/vindkraftens-resursanvandning_slutversion-20210127.pdf},
}
@article{vindkraftsnyheter,
    author = {Ulrika Sehlberg Samuelsson},
    title = {Vindkraftverken blir större - men hur stora kan det bli?},
    url = {https://www.vindkraftsnyheter.se/20190804/1512/vindkraftverken-blir-storre-men-hur-stora-kan-de-bli},
    urldate = {2023-03-22},
}
@article{naturskyddsföreningen,
    author = {Naturskyddföreningen},
    title = {Vad är energikällor},
    url = {https://www.naturskyddsforeningen.se/faktablad/vad-ar-energikallor/},
    urldate = {2023-03-22},
}
@article{naturvårdsverket,
    author = {naturvårdsverket},
    title = {Fåglar och vindkraft},
    url = {https://www.naturvardsverket.se/contentassets/3b2d5b1a1eca466e9841275cf9e6f0c2/faktablad-vindval-faglar-arter.pdf},
    urldate = {2023-03-22},
},

@article{motvindsverige,
    author = {motvindsverige},
    title = {Studie från KTH visar att vindkraftsverken sänker fastighetsvärden},
 url    = {https://motvindsverige.org/studie-fran-kth-visar-att-vindkraft-sanker-fastighetsvarden/},
    urldate = {2023-03-22},
}
@article{vattenfall,
    author = {vattenfall},
    title = {Frågor och svar om landsbaserad vindkraft i Sverige},
    url = {https://group.vattenfall.com/se/var-verksamhet/vindprojekt/fragor-och-svar-om-vindkraft},
    urldate = {2023-03-22},
}
